@misc{LuisWirth,
  author       = {Luis Wirth},
  title        = {Lean4 and the Curry-Howard Isomorphism (Luis Wirth)},
  howpublished = {\url{https://youtu.be/Sy_4z751YWI}},
  note         = {Accessed: May 7, 2025},
  year         = {2025}
}
@misc{Jeremy,
  author       = {Jeremy Avigad, Leonardo de Moura, Soonho Kong and Sebastian Ullrich, with contributions from the Lean Community},
  title        = {Theorem Proving in Lean 4},
  howpublished = {\url{https://lean-lang.org/theorem_proving_in_lean4/}},
  note         = {Accessed: May 7, 2025},
  year         = {2025}
}
@misc{DavidThraneChristiansen,
  author       = {David Thrane Christiansen},
  title        = {Functional Programming in Lean},
  howpublished = {\url{https://lean-lang.org/functional_programming_in_lean/}},
  note         = {Accessed: May 7, 2025},
  year         = {2025}
}
